@article{hyvarinen2005,
  title     = {Estimation of Non-Normalized Statistical Models by Score Matching},
  author    = {Hyv{\"a}rinen, Aapo},
  journal   = {Journal of Machine Learning Research},
  volume    = {6},
  pages     = {695--709},
  year      = {2005},
  url       = {https://www.jmlr.org/papers/v6/hyvarinen05a.html}
}

@article{vincent2011,
  title     = {A Connection Between Score Matching and Denoising Autoencoders},
  author    = {Vincent, Pascal},
  journal   = {Neural Computation},
  volume    = {23},
  number    = {7},
  pages     = {1661--1674},
  year      = {2011},
  publisher = {MIT Press},
  doi       = {10.1162/NECO_a_00142}
}

@inproceedings{song2019,
  title     = {Sliced Score Matching: A Scalable Approach to Density and Score Estimation},
  author    = {Song, Yang and Ermon, Stefano},
  booktitle = {Proceedings of the 36th International Conference on Machine Learning (ICML)},
  series    = {Proceedings of Machine Learning Research},
  volume    = {97},
  pages     = {5748--5757},
  year      = {2019},
  publisher = {PMLR},
  url       = {http://proceedings.mlr.press/v97/song19b.html}
}

@inproceedings{song2020,
  title     = {Generative Modeling by Estimating Gradients of the Data Distribution},
  author    = {Song, Yang and Ermon, Stefano},
  booktitle = {Advances in Neural Information Processing Systems (NeurIPS)},
  volume    = {33},
  pages     = {11895--11907},
  year      = {2020},
  url       = {https://arxiv.org/abs/1907.05600}
}

@article{sohl2015,
  title     = {Deep Unsupervised Learning using Nonequilibrium Thermodynamics},
  author    = {Sohl-Dickstein, Jascha and Weiss, Eric and Maheswaranathan, Niru and Ganguli, Surya},
  journal   = {arXiv preprint arXiv:1503.03585},
  year      = {2015},
  url       = {https://arxiv.org/abs/1503.03585}
}

@inproceedings{chen2020wavegrad,
  title     = {WaveGrad: Estimating Gradients for Waveform Generation},
  author    = {Chen, Nanxin and Zhang, Yu and Zen, Heiga and Weiss, Ron J. and Norouzi, Mohammad and Chan, William},
  booktitle = {International Conference on Learning Representations (ICLR)},
  year      = {2021},
  url       = {https://arxiv.org/abs/2009.00713}
}
